@misc{starwars1977,
  title =   {Star Wars: Episodio IV - Una nueva esperanza},
  producer= {Lucas, G. and Kurtz, G},
  author = {Lucas, G.},
  year = {1977},
  journal = {Lucasfilm}
}