@article{dB,
   AUTHOR = {Nicolaas G. de Bruijn},
     TITLE = {A combinatorial problem},
   JOURNAL = {Nederl. Akad. Wetensch., Proc.},
    VOLUME = {49},
      YEAR = {1946},
     PAGES = {758--764 = Indagationes Math. 8, 461--467 (1946)},
 }



@article {CooperHeitsch,
    AUTHOR = {Cooper, Joshua and Heitsch, Christine},
     TITLE = {The discrepancy of the lex-least de {B}ruijn sequence},
  JOURNAL = {Discrete Mathematics},
    VOLUME = {310},
      YEAR = {2010},
    NUMBER = {6-7},
     PAGES = {1152--1159},
      ISSN = {0012-365X},
   MRCLASS = {05A05 (11K38)},
  MRNUMBER = {2579847},
MRREVIEWER = {Norma Zagaglia},
       DOI = {10.1016/j.disc.2009.11.010},
       URL = {https://doi.org/10.1016/j.disc.2009.11.010},
}



@book{Golomb,
    AUTHOR = {Golomb, Solomon W.},
     TITLE = {Shift register sequences},
 PUBLISHER = {Holden-Day},
    YEAR = {1967}
}
%      NOTE = {With portions co-authored by Lloyd R. Welch, Richard M.
              Goldstein, and Alfred W. Hales},
 PUBLISHER = {Holden-Day, Inc., San Francisco, Calif.-Cambridge-Amsterdam},
      YEAR = {1967},
  %   PAGES = {xiv+224},
   MRCLASS = {94.30},
  MRNUMBER = {0242575},
MRREVIEWER = {E. F. Assmus, Jr.},
}

@article{yyy,
author={P. L. Emerson and R. D. Tobias}, title={Computer program for quasi-random stimulus sequences with equal
transition frequencies},
journal={Behavior Research Methods, Instruments \& Computers},
volume={27},
number={1},
pages={88-98}, 
year={ 1995}
}

@incollection{xxx,
    author ={A. A. Philippakis, A. M. Qureshi, M. F. Berger, and M. L. Bulyk} ,
    title = {Design of compact, universal DNA
microarrays for protein binding microarray experiments},
    booktitle ={Research
in Computational Molecular Biology} ,
editor={ T. Speed and H. Huang},
publisher ={Springer Berlin Heidel-
berg} ,
    year = {2007},
pages={ 430â€“443}
}



@article{Sawada,
title = {Investigating the discrepancy property of de Bruijn sequences},
journal = {Discrete Mathematics},
volume = {345},
number = {4},
pages = {112780},
year = {2022},
author = {Daniel Gabric and Joe Sawada}
}
%issn = {0012-365X},
doi = {https://doi.org/10.1016/j.disc.2021.112780},
url = {https://www.sciencedirect.com/science/article/pii/S0012365X21004933},


@article {Huang,
    AUTHOR = {Huang, Yue Jiang},
     TITLE = {A new algorithm for the generation of binary de {B}ruijn
              sequences},
  JOURNAL = {Journal of Algorithms},
VOLUME = {11},
      YEAR = {1990},
    NUMBER = {1},
     PAGES = {44--51}
}
 %     ISSN = {0196-6774},
 %  MRCLASS = {05-04 (68R05)},
 % MRNUMBER = {1041165}
%       DOI = {10.1016/0196-6774(90)90028-D},
       URL = {https://doi.org/10.1016/0196-6774(90)90028-D},


@article{Booth,
title = {Lexicographically least circular substrings},
journal = {Information Processing Letters},
volume = {10},
number = {4},
pages = {240-242},
year = {1980},
issn = {0020-0190},
doi = {https://doi.org/10.1016/0020-0190(80)90149-0},
url = {https://www.sciencedirect.com/science/article/pii/0020019080901490},
author = {Kellogg S. Booth},
keywords = {Least circular shift algorithm}
}