
@misc{starwars1977,
  title =   {Star Wars: Episodio IV - Una nueva esperanza},
  producer= {Lucas, G. and Kurtz, G},
  author = {Lucas, G.},
  year = {1977},
  journal = {Lucasfilm}
}

@book{gibrat1931inégalités,
  title={Les in{\'e}galit{\'e}s {\'e}conomiques},
  author={Gibrat, R.},
  url={https://books.google.com.ar/books?id=m9fuoAEACAAJ},
  year={1931},
  publisher={Sirey}
}

@techreport{undp2023tech_notes,
  title        = {Technical Notes: Human Development Report 2023/24},
  author       = {United Nations Development Programme},
  institution  = {United Nations Development Programme (UNDP)},
  year         = {2023},
  url          = {https://hdr.undp.org/sites/default/files/2023-24_HDR/hdr2023-24_technical_notes.pdf},
  note         = {Accessed: 2024-10-11, \url{https://hdr.undp.org/sites/default/files/2023-24_HDR/hdr2023-24_technical_notes.pdf}}
}
  

  
@software{lasorsa2024simluacion_cuda,
  author       = {Lautaro Lasorsa},
  title        = {Códigos para la generación de datos simulados},
  year         = {2024},
  note         = {\url{https://gist.github.com/LautaroLasorsa/739dae8ec5f9041f243150183070815a}}
}
